% Bibliography / Literaturverzeichnis

BOOK{burgeDigitBild,
    AUTHOR="Burger, Burge",
      TITLE="Digitale Bildverarbeitung",
        PUBLISHER="Springer",
          YEAR=2015,
            ADDRESS="Berlin, Heidelberg "
}

