@INBOOK{AUFGABENSTELLUNG:1,
AUTHOR="Jürgen Missun",
TITLE="Pulse-Code-Modulation",
MONTH=mar,
YEAR="2014"
}

@MANUAL{MANUAL:2,
TITLE="Funktionsgenerator für beliebige Signalformen HP 33120A Bedienerhandbuch",
ORGANIZATION="HP Inc.",
ADDRESS="Palo Alto, California, U.S."
}

@misc{web:sensor,
  author = "Green Electronic Store",
  title = "Funduino Soil Moisture Sensor",
  year = "2018",
  url = "http://www.greenelectronicstore.com/sensors/766-funduino-soil-moisture-sensor.html",
  note = "[Online; Stand 11. Januar 2018]"
}

@misc{web:esp32,
  author = "AliExpress",
  title = "ESP32 DevKit WROOM32",
  year = "2018",
  url = "http://de.aliexpress.com",
  note = "[Online; Stand 11. Januar 2018]"
}
@misc{bworld,
  author = {Ingo Lütkebohle},
  title = {{BWorld Robot Control Software}},
  howpublished = "\url{http://aiweb.techfak.uni-bielefeld.de/content/bworld-robot-control-software/}",
  year = {2008}, 
  note = "[Online; accessed 19-July-2008]"
}
