@BOOK{BurgeDigitBild,
    AUTHOR="Burger Burge",
    TITLE="Digitale Bildverarbeitung",
    PUBLISHER="Manz-Verlag Schulbuch (Fortis)",
    YEAR=2000,
    ADDRESS="Wien"
}

